@book{stutzman2012antenna,
  title={Antenna theory and design},
  author={Stutzman, Warren L and Thiele, Gary A},
  year={2012},
  publisher={John Wiley \& Sons}
}
@article{zarifi_microwave_2016,
	title = {Microwave ring resonator-based non-contact interface sensor for oil sands applications},
	volume = {224},
	pages = {632--639},
	journaltitle = {Sensors and Actuators B: Chemical},
	author = {Zarifi, Mohammad Hossein and Rahimi, Mehrnaz and Daneshmand, Mojgan and Thundat, Thomas},
	date = {2016},
	file = {Full Text:C\:\\Users\\SameirDeif\\Zotero\\storage\\L6R5EC5J\\S092540051530527X.html:text/html}
}

@article{zarifi_time-resolved_2015,
	title = {Time-resolved microwave photoconductivity ({TRMC}) using planar microwave resonators: Application to the study of long-lived charge pairs in photoexcited titania nanotube arrays},
	volume = {119},
	shorttitle = {Time-resolved microwave photoconductivity ({TRMC}) using planar microwave resonators},
	pages = {14358--14365},
	number = {25},
	journaltitle = {The Journal of Physical Chemistry C},
	author = {Zarifi, M. H. and Mohammadpour, A. and Farsinezhad, S. and Wiltshire, B. D. and Nosrati, M. and Askar, A. M. and Daneshmand, M. and Shankar, K.},
	date = {2015},
	file = {Full Text:C\:\\Users\\SameirDeif\\Zotero\\storage\\GALIEL54\\acs.jpcc.html:text/html;Snapshot:C\:\\Users\\SameirDeif\\Zotero\\storage\\WVAA6H9A\\acs.jpcc.html:text/html}
}

@article{patron_use_2016,
	title = {On the use of knitted antennas and inductively coupled {RFID} tags for wearable applications},
	volume = {10},
	pages = {1047--1057},
	number = {6},
	journaltitle = {{IEEE} transactions on biomedical circuits and systems},
	author = {Patron, Damiano and Mongan, William and Kurzweg, Timothy P. and Fontecchio, Adam and Dion, Genevieve and Anday, Endla K. and Dandekar, Kapil R.},
	date = {2016},
	file = {Snapshot:C\:\\Users\\SameirDeif\\Zotero\\storage\\GU2MIYL2\\7458913.html:text/html}
}

@article{manzari_development_2014,
	title = {Development of an {UHF} {RFID} chemical sensor array for battery-less ambient sensing},
	volume = {14},
	pages = {3616--3623},
	number = {10},
	journaltitle = {{IEEE} Sensors Journal},
	author = {Manzari, Sabina and Catini, Alexandro and Pomarico, Giuseppe and Di Natale, Corrado and Marrocco, Gaetano},
	date = {2014},
	file = {Snapshot:C\:\\Users\\SameirDeif\\Zotero\\storage\\25FWKQM5\\6826472.html:text/html}
}

@inproceedings{kim_spamms_2010,
	title = {{SPAMMS}: A sensor-based pipeline autonomous monitoring and maintenance system},
	shorttitle = {{SPAMMS}},
	pages = {1--10},
	booktitle = {2010 Second International Conference on {COMmunication} Systems and {NETworks} ({COMSNETS} 2010)},
	publisher = {{IEEE}},
	author = {Kim, Jong-Hoon and Sharma, Gokarna and Boudriga, Noureddine and Iyengar, S. Sitharama},
	date = {2010},
	file = {Snapshot:C\:\\Users\\SameirDeif\\Zotero\\storage\\GJLAXU64\\5432015.html:text/html}
}