@ARTICLE{2020arXiv200711053A,
       author = {{Apaza Alanoca}, Honorio and {Rubin de Celis Vidal}, Americo A. and {Edinson Chire Saire}, Josimar},
        title = "{Curriculum Vitae Recommendation Based on Text Mining}",
      journal = {arXiv e-prints},
     keywords = {Computer Science - Computation and Language, Computer Science - Information Retrieval},
         year = 2020,
        month = jul,
          eid = {arXiv:2007.11053},
        pages = {arXiv:2007.11053},
archivePrefix = {arXiv},
       eprint = {2007.11053},
 primaryClass = {cs.CL},
       adsurl = {https://ui.adsabs.harvard.edu/abs/2020arXiv200711053A},
      adsnote = {Provided by the SAO/NASA Astrophysics Data System}
}

@ARTICLE{2021arXiv210401765A,
       author = {{Apaza Alanoca}, Honorio and {Chire}, Josimar and {Oblitas}, Jimy},
        title = "{Comparative analysis of the government plans of the Peruvian presidential candidates, SDO(UN) and State Policies of the National Agreement based on NLP}",
      journal = {arXiv e-prints},
     keywords = {Computer Science - Computers and Society},
         year = 2021,
        month = apr,
          eid = {arXiv:2104.01765},
        pages = {arXiv:2104.01765},
archivePrefix = {arXiv},
       eprint = {2104.01765},
 primaryClass = {cs.CY},
       adsurl = {https://ui.adsabs.harvard.edu/abs/2021arXiv210401765A},
      adsnote = {Provided by the SAO/NASA Astrophysics Data System}
}


@INPROCEEDINGS{9359045,
  author={Chire, Josimar and Apaza, Honorio},
  booktitle={2020 International Computer Symposium (ICS)}, 
  title={Text Mining over Curriculum Vitae of Peruvian Professionals using Official Scientific Site DINA}, 
  year={2020},
  volume={},
  number={},
  pages={105-109},
  doi={10.1109/ICS51289.2020.00030}}