@book{solminihac2005,
  title={Procesos y t{\'e}cnicas de construcci{\'o}n},
  author={De Solminihac, Hern{\'a}n},
  year={2005},
  publisher={Ediciones UC}
}

