
@Book{solminihac2008,
author={De Solminihac, Hern{\'a}n},
ALTeditor = {•},
title={Procesos y t{\'e}cnicas de construcci{\'o}n},
publisher={Ediciones UC, 5 ed. actualizada},
year={2008},
OPTkey = {•},
OPTvolume = {•},
OPTnumber = {•},
OPTseries = {•},
OPTaddress = {•},
OPTedition = {Quinta edici{\'o}n actualizada},
OPTmonth = {•},
OPTnote = {•},
OPTannote = {•}
}

@Book{polpaico1999,
author={{Grupo de Empresas Polpaico}},
ALTeditor = {•},
title={Manual del Constructor},
OPTpublisher={Ediciones UC},
year={1999},
OPTkey = {•},
OPTvolume = {•},
OPTnumber = {•},
OPTseries = {•},
address = {Santiago de Chile},
OPTedition = {Quinta edici{\'o}n actualizada},
OPTmonth = {•},
OPTnote = {•},
OPTannote = {•}
}

@Booklet{melon1998,
title = {Recomendaciones pr{\'a}cticas para el hormig{\'o}n},
OPTkey = {•},
author = {Empresas Mel{\'o}n},
howpublished = {Manual electr{\'o}nico. 10a Edici{\'o}n},
address = {www.melon.cl},
OPTmonth = {•},
year = {1998},
OPTnote = {•},
OPTannote = {•}
}
